@INPROCEEDINGS{Abdalla06,
    author = {M. Abdalla and D. Catalano and A. W. Dent and J. Malone-Lee and G. Neven and N. P Smart},
    title = {Identity-based encryption gone wild},
    booktitle = {ICALP 2006: 33rd International Colloquium on Automata, Languages and Programming, Part II},
    editor = {M. Bugliesi and B. Preneel and V. Sassone and I. Wegener},
    year = {2006},
    pages = {300--311},
    publisher = {Springer-Verlag}
}

@Book{Blake99,
    author=     {I. F. Blake and G. Seroussi and N. P. Smart},
    title=      {Elliptic Curves in Cryptography},
    publisher=  {Cambridge University Press},
    year=       1999,
}

@Book{Blake05,
    editor=     {I. F. Blake and G. Seroussi and N. P. Smart},
    title=      {Advances in Elliptic Curve Cryptography},
    publisher=  {Cambridge University Press},
    year=       2005,
}

@INPROCEEDINGS{Boklan08,
    author = {K. D. Boklan and Z. Klagsbrun and K. G. Paterson and S. Srinivasan},
    title = {Flexible and Secure Communications in an Identity-Based Coalition Environment},
    booktitle = {Proc. IEEE Military Communications Conference -- MILCOM 2008},
    year = {2008}
}

@INPROCEEDINGS{Boneh04,
    author = {D. Boneh and X. Boyen},
    title = {Efficient Selective-{ID} Secure Identity Based Encryption without Random Oracles},
    booktitle = {Advances in Cryptology -- EUROCRYPT '04},
    editor = {C. Cachin and J. Camenisch},
    year = {2004},
    pages = {223--238},
    publisher = {Springer-Verlag}
}

@InProceedings{Boneh05,
  author = {Dan Boneh and Xavier Boyen and Eu-Jin Goh},
  title = {Hierarchical Identity Based Encryption with Constant Size Ciphertext},
  booktitle = {Advances in Cryptology---EUROCRYPT 2005},
  series = {Lecture Notes in Computer Science},
  volume = {3494},
  pages = {440--456},
  publisher = {Berlin: Springer-Verlag},
  year = {2005},
}

@inproceedings{Bellare93,
 author = {Bellare, Mihir and Rogaway, Phillip},
 title = {Random oracles are practical: a paradigm for designing efficient protocols},
 booktitle = {CCS '93: Proceedings of the 1st ACM conference on Computer and communications security},
 year = {1993},
 isbn = {0-89791-629-8},
 pages = {62--73},
 location = {Fairfax, Virginia, United States},
 doi = {http://doi.acm.org/10.1145/168588.168596},
 publisher = {ACM},
 address = {New York, NY, USA},
}

@inproceedings{BMW,
 author = {Boneh and  Mei and Waters},
 title = {},
 year = {}
}

@inproceedings{BK,
 author = {Boyen and Katz},
 title = {},
 year = {}
}

@inproceedings{CHK,
 author = {Canetti and Halevi and Katz},
 title = {},
 year = {}
}

@inproceedings{Park07,
 author = {Park and Lee},
 title = {},
 year = {}
}


@Article{Galbraith08,
    author=     {S. D. Galbraith and K. G. Paterson and N. P. Smart},
    title=      {Pairings for Cryptographers},
    journal=    {Discrete Applied Mathematics},
    volume=     156,
    pages=      {3113--3121},
    year=       2008,
}

@inproceedings{Horowitz02,
 author = {J. Horwitz and B. Lynn},
 title = {Toward Hierarchical Identity-Based Encryption},
 booktitle = {Advances in Cryptology -- EUROCRYPT '02},
 editor = {L. Knudsen},
 year = {2002},
 pages = {466--481},
 publisher = {Springer-Verlag},
}

@Manual{NISTcurves,
    organization=   {National Institute of Standards and Technology},
    title=          {Recommended Elliptic Curves for Federal Government Use},
    year=           1999,
}


@inproceedings{Paterson08,
 author = {K. G. Paterson and S. Srinivasan},
 title = {Security and Anonymity of Identity-Based Encryption with Multiple Trusted Authorities},
 booktitle = {Pairing '08: Proceedings of the 2nd international conference on Pairing-Based Cryptography},
 editor = {S. D. Galbraith and K. G. Paterson},
 year = {2008},
 pages = {354--375},
 publisher = {Springer-Verlag},
}

@INPROCEEDINGS{Shamir84,
    author = {A. Shamir},
    title = {Identity-based cryptosystems and signature schemes},
    booktitle = {Advances in Cryptology -- CRYPTO '84},
    editor = {G. R. Blakley and D. Chaum},
    year = {1984},
    pages = {47--53},
    publisher = {Springer-Verlag}
}