\begin{thebibliography}{1}

\bibitem{Abdalla:06:Identity}
M.~Abdalla, D.~Catalano, A.~W. Dent, J.~Malone-Lee, G.~Neven, and N.~P. Smart.
\newblock Identity-based encryption gone wild.
\newblock In M.~Bugliesi, Bart Preneel, V.~Sassone, and I.~Wegener, editors,
  {\em Automata, Languages and Programming -- ICALP 2006}, volume 4052 of {\em
  Lecture Notes in Computer Science}, pages 300--311. Springer-Verlag, 2006.

\bibitem{Boklan:08:Flexible}
K.~D. Boklan, Z.~Klagsbrun, K.~G. Paterson, and S.~Srinivasan.
\newblock Flexible and secure communications in an identity-based coalition
  environment.
\newblock In {\em Proc. IEEE Military Communications Conference -– MILCOM
  2008}, 2008.

\bibitem{Boneh:04:Efficient}
D.~Boneh and X.~Boyen.
\newblock Efficient selective-{ID} secure identity based encryption without
  random oracles.
\newblock In C.~Cachin and J.~Camenisch, editors, {\em Advances in Cryptology --
  Eurocrypt 2004}, volume 3027 of {\em Lecture Notes in Computer Science}, pages 223--238.
  Springer-Verlag, 2004.

\bibitem{Boneh:05:Improved}
D.~Boneh and J.~Katz.
\newblock Improved efficiency for {CCA}-secure cryptosystems built using
  identity-based encryption.
\newblock In A.~Menezes, editor, {\em Topics in Cryptology -- CT-RSA 2005},
  volume 3376 of {\em Lecture Notes in Computer Science}, pages 87--103.
  Springer-Verlag, 2005.

\bibitem{Canetti:04:Chosen}
R.~Canetti, S.~Halevi, and J.~Katz.
\newblock Chosen-ciphertext security from identity-based encryption.
\newblock In C.~Cachin and J.~Camenisch, editors, {\em Advances in Cryptology --
  Eurocrypt 2004}, volume 3027 of {\em Lecture Notes in Computer Science}, pages 207--222.
  Springer-Verlag, 2004.

\bibitem{Horwitz:02:Towards}
J.~Horwitz and B.~Lynn.
\newblock Towards hierarchical identity-based encryption.
\newblock In L.~Knudsen, editor, {\em Advance in Cryptology -- Eurocrypt 2002},
  volume 2332 of {\em Lecture Notes in Computer Science}, pages 466--481.
  Springer-Verlag, 2002.

\bibitem{Paterson:08:Security}
K.~G. Paterson and S.~Srinivasan.
\newblock Security and anonymity of identity-based encryption with multiple
  trusted authorities.
\newblock In S.~D. Galbraith and K.~G. Paterson, editors, {\em Pairing-Based
  Cryptography -- Pairing 2008}, volume 5209 of {\em Lecture Notes in Computer
  Science}, pages 354--375. Springer-Verlag, 2008.

\bibitem{Shamir:84:Identity}
A.~Shamir.
\newblock Identity-based cryptosystems and signature schemes.
\newblock In G.~R. Blakley and D.~Chaum, editors, {\em Advances in Cryptology
  -- Crypto '84}, volume 196 of {\em Lecture Notes in Computer Science}, pages
  47--53. Springer-Verlag, 1984.

\end{thebibliography}
